@article{Vaughan2017MakingBU,
	title={Making better use of the crowd: How crowdsourcing can advance machine learning research},
	author={Jennifer Wortman Vaughan},
	journal={Journal of Machine Learning Research},
	year={2017},
	volume={18},
	pages={193:1-193:46}
}

@article{Kovashka2016CrowdsourcingIC,
	title={Crowdsourcing in computer vision},
	author={Adriana Kovashka and Olga Russakovsky and Li Fei-Fei and Kristen Grauman},
	journal={Foundations and TrendsÂ® in Computer Graphics and Vision},
	year={2016},
	volume={10},
	number={3},
	pages={177-243}
}

@article{Wang2013PerspectivesOC,
	title={Perspectives on crowdsourcing annotations for natural language processing},
	author={Aobo Wang and Cong Duy Vu Hoang and Min-Yen Kan},
	journal={Language Resources and Evaluation},
	year={2013},
	volume={47},
	pages={9-31}
}

@article{Lin2023CompetitiveGI,
	title={Competitive gamification in crowdsourcing-based contextual-aware recommender systems},
	author={Yiling Lin and Nai Da Ding},
	journal={International Journal of Human-Computer Studies},
	year={2023},
	volume={177},
	pages-={103083}
}

@article{Tong2020FederatedLI,
	title={Federated learning in the lens of crowdsourcing},
	author={Yongxin Tong and Yansheng Wang and Dingyuan Shi},
	journal={IEEE Data Engineering Bulletin},
	year={2020},
	volume={43},
	pages={26-36}
}

@article{xia2020privacy,
	title={Privacy in crowdsourcing: A review of the threats and challenges},
	author={Xia, Huichuan and McKernan, Brian},
	journal={Computer Supported Cooperative Work (CSCW)},
	volume={29},
	pages={263-301},
	year={2020},
	publisher={Springer}
}

@article{luo2016incentive,
	title={Incentive mechanism design for crowdsourcing: An all-pay auction approach},
	author={Luo, Tie and Das, Sajal K and Tan, Hwee Pink and Xia, Lirong},
	journal={ACM Transactions on Intelligent Systems and Technology},
	volume={7},
	number={3},
	pages={1--26},
	year={2016},
	publisher={ACM New York, NY, USA}
}

@ARTICLE{wang2022pps,
	author={Wang, Dan and Ren, Ju and Wang, Zhibo and Pang, Xiaoyi and Zhang, Yaoxue and Shen, Xuemin},
	journal={IEEE Transactions on Mobile Computing}, 
	title={Privacy-preserving streaming truth discovery in crowdsourcing with differential privacy}, 
	year={2022},
	volume={21},
	number={10},
	pages={3757-3772},
}


@article{huang2020traffic,
	title={A traffic density estimation model based on crowdsourcing privacy protection},
	author={Huang, Yapei and Tian, Yun and Liu, Zhijie and Jin, Xiaowei and Liu, Yanan and Zhao, Shifeng and Tian, Daxin},
	journal={ACM Transactions on Intelligent Systems and Technology},
	volume={11},
	number={4},
	pages={1-18},
	year={2020},
	publisher={ACM New York, NY, USA}
}

@INPROCEEDINGS{to2018ppo,
	author={To, Hien and Shahabi, Cyrus and Xiong, Li},
	booktitle={2018 IEEE 34th International Conference on Data Engineering (ICDE)}, 
	title={Privacy-preserving online task assignment in spatial crowdsourcing with untrusted server}, 
	year={2018},
	pages={833-844}
}

@inproceedings{Sheng2019MachineLW,
	title={Machine learning with crowdsourcing: A brief summary of the past research and future directions},
	author={Victor S. Sheng and Jing Zhang},
	booktitle={Proceedings of the 33rd AAAI Conference on Artificial Intelligence (AAAI)},
	pages={9837-9843},
	year={2019}
}

@inproceedings{mcmahan2017communication,
	title={Communication-efficient learning of deep networks from decentralized data},
	author={McMahan, Brendan and Moore, Eider and Ramage, Daniel and Hampson, Seth and y Arcas, Blaise Aguera},
	booktitle={Artificial Intelligence and Statistics},
	pages={1273-1282},
	year={2017},
	organization={PMLR}
}

@article{Yang2019FederatedML,
	title={Federated Machine Learning: Concept and Applications},
	author={Qiang Yang and Yang Liu and Tianjian Chen and Yongxin Tong},
	journal={ACM Transactions on Intelligent Systems and Technology},
	volume={10},
	number={2},
	pages={12:1-12:19},
	year={2019}
}

@article{Gao2022ASO,
	title={A Survey on Heterogeneous Federated Learning},
	author={Dashan Gao and Xin Yao and Qian Yang},
	journal={ArXiv preprint},
	year={2022},
	volume={abs/2210.04505}
}

@article{Pandey2019ACF,
	title={A Crowdsourcing framework for on-device federated learning},
	author={Shashi Raj Pandey and Nguyen H. Tran and Mehdi Bennis and Yan Kyaw Tun and Aunas Manzoor and Choong Seon Hong},
	journal={IEEE Transactions on Wireless Communications},
	year={2019},
	volume={19},
	pages={3241-3256}
}

@article{zhang2021enabling,
	title={Enabling proxy-free privacy-preserving and federated crowdsourcing by using blockchain},
	author={Zhang, Chen and Guo, Yu and Jia, Xiaohua and Wang, Cong and Du, Hongwei},
	journal={IEEE Internet of Things Journal},
	volume={8},
	number={8},
	pages={6624--6636},
	year={2021},
	publisher={IEEE}
}

@article{zhan2021incentive,
	title={Incentive mechanism design for federated learning: Challenges and opportunities},
	author={Zhan, Yufeng and Li, Peng and Guo, Song and Qu, Zhihao},
	journal={IEEE Network},
	volume={35},
	number={4},
	pages={310--317},
	year={2021},
	publisher={IEEE}
}

@article{lyu2020threats,
	title={Threats to federated learning},
	author={Lyu, Lingjuan and Yu, Han and Zhao, Jun and Yang, Qiang},
	journal={Federated Learning: Privacy and Incentive},
	pages={3--16},
	year={2020},
	publisher={Springer}
}

@article{Song2020AnalyzingUP,
	title={Analyzing user-level privacy attack against federated learning},
	author={Mengkai Song and Zhibo Wang and Zhifei Zhang and Yang Song and Qian Wang and Ju Ren and Hairong Qi},
	journal={IEEE Journal on Selected Areas in Communications},
	year={2020},
	volume={38},
	pages={2430-2444}
}

@article{mothukuri2021survey,
	title={A survey on security and privacy of federated learning},
	author={Mothukuri, Viraaji and Parizi, Reza M and Pouriyeh, Seyedamin and Huang, Yan and Dehghantanha, Ali and Srivastava, Gautam},
	journal={Future Generation Computer Systems},
	volume={115},
	pages={619--640},
	year={2021},
	publisher={Elsevier}
}

@article{Liu2021FromDM,
	title={From distributed machine learning to federated learning: A survey},
	author={Ji Liu and Jizhou Huang and Yang Zhou and Xuhong Li and Shilei Ji and Haoyi Xiong and Dejing Dou},
	journal={Knowledge and Information Systems},
	year={2021},
	volume={64},
	pages={885 - 917}
}

@article{zhan2021survey,
	title={A survey of incentive mechanism design for federated learning},
	author={Zhan, Yufeng and Zhang, Jie and Hong, Zicong and Wu, Leijie and Li, Peng and Guo, Song},
	journal={IEEE Transactions on Emerging Topics in Computing},
	volume={10},
	number={2},
	pages={1035-1044},
	year={2021},
	publisher={IEEE}
}

@article{zhan2020learning,
	title={A learning-based incentive mechanism for federated learning},
	author={Zhan, Yufeng and Li, Peng and Qu, Zhihao and Zeng, Deze and Guo, Song},
	journal={IEEE Internet of Things Journal},
	volume={7},
	number={7},
	pages={6360-6368},
	year={2020},
	publisher={IEEE}
}

@article{li2017review,
	title={A review of dynamic Stackelberg game models},
	author={Li, Tao and Sethi, Suresh P},
	journal={Discrete \& Continuous Dynamical Systems-B},
	volume={22},
	number={1},
	pages={125-159},
	year={2017},
	publisher={American Institute of Mathematical Sciences}
}


