@article{Vaughan2017MakingBU,
	title={Making better use of the crowd: How crowdsourcing can advance machine learning research},
	author={Jennifer Wortman Vaughan},
	journal={Journal of Machine Learning Research},
	year={2017},
	volume={18},
	pages={193:1-193:46}
}

@article{Kovashka2016CrowdsourcingIC,
	title={Crowdsourcing in computer vision},
	author={Adriana Kovashka and Olga Russakovsky and Li Fei-Fei and Kristen Grauman},
	journal={Foundations and TrendsÂ® in Computer Graphics and Vision},
	year={2016},
	volume={10},
	number={3},
	pages={177--243}
}

@article{Wang2013PerspectivesOC,
	title={Perspectives on crowdsourcing annotations for natural language processing},
	author={Aobo Wang and Cong Duy Vu Hoang and Min-Yen Kan},
	journal={Language Resources and Evaluation},
	year={2013},
	volume={47},
	pages={9--31}
}

@article{Lin2023CompetitiveGI,
	title={Competitive gamification in crowdsourcing-based contextual-aware recommender systems},
	author={Yiling Lin and Nai Da Ding},
	journal={International Journal of Human-Computer Studies},
	year={2023},
	volume={177},
	pages-={103083}
}

@article{Tong2020FederatedLI,
	title={Federated learning in the lens of crowdsourcing},
	author={Yongxin Tong and Yansheng Wang and Dingyuan Shi},
	journal={IEEE Data Engineering Bulletin},
	year={2020},
	volume={43},
	pages={26--36}
}

@article{xia2020privacy,
	title={Privacy in crowdsourcing: A review of the threats and challenges},
	author={Xia, Huichuan and McKernan, Brian},
	journal={Computer Supported Cooperative Work (CSCW)},
	volume={29},
	pages={263--301},
	year={2020},
	publisher={Springer}
}

@article{luo2016incentive,
	title={Incentive mechanism design for crowdsourcing: An all-pay auction approach},
	author={Luo, Tie and Das, Sajal K and Tan, Hwee Pink and Xia, Lirong},
	journal={ACM Transactions on Intelligent Systems and Technology},
	volume={7},
	number={3},
	pages={1--26},
	year={2016},
	publisher={ACM New York, NY, USA}
}

@ARTICLE{wang2022pps,
	author={Wang, Dan and Ren, Ju and Wang, Zhibo and Pang, Xiaoyi and Zhang, Yaoxue and Shen, Xuemin},
	journal={IEEE Transactions on Mobile Computing}, 
	title={Privacy-preserving streaming truth discovery in crowdsourcing with differential privacy}, 
	year={2022},
	volume={21},
	number={10},
	pages={3757--3772},
}


@article{huang2020traffic,
	title={A traffic density estimation model based on crowdsourcing privacy protection},
	author={Huang, Yapei and Tian, Yun and Liu, Zhijie and Jin, Xiaowei and Liu, Yanan and Zhao, Shifeng and Tian, Daxin},
	journal={ACM Transactions on Intelligent Systems and Technology},
	volume={11},
	number={4},
	pages={1--18},
	year={2020},
	publisher={ACM New York, NY, USA}
}

@INPROCEEDINGS{to2018ppo,
	author={To, Hien and Shahabi, Cyrus and Xiong, Li},
	booktitle={2018 IEEE 34th International Conference on Data Engineering (ICDE)}, 
	title={Privacy-preserving online task assignment in spatial crowdsourcing with untrusted server}, 
	year={2018},
	pages={833--844}
}

@inproceedings{Sheng2019MachineLW,
	title={Machine learning with crowdsourcing: A brief summary of the past research and future directions},
	author={Victor S. Sheng and Jing Zhang},
	booktitle={Proceedings of the 33rd AAAI Conference on Artificial Intelligence (AAAI)},
	pages={9837--9843},
	year={2019}
}

@inproceedings{mcmahan2017communication,
	title={Communication-efficient learning of deep networks from decentralized data},
	author={McMahan, Brendan and Moore, Eider and Ramage, Daniel and Hampson, Seth and y Arcas, Blaise Aguera},
	booktitle={Artificial Intelligence and Statistics},
	pages={1273--1282},
	year={2017},
	organization={PMLR}
}

@article{Yang2019FederatedML,
	title={Federated Machine Learning: Concept and Applications},
	author={Qiang Yang and Yang Liu and Tianjian Chen and Yongxin Tong},
	journal={ACM Transactions on Intelligent Systems and Technology},
	volume={10},
	number={2},
	pages={12:1--12:19},
	year={2019}
}

@article{Gao2022ASO,
	title={A Survey on Heterogeneous Federated Learning},
	author={Dashan Gao and Xin Yao and Qian Yang},
	journal={ArXiv preprint},
	year={2022},
	volume={abs/2210.04505}
}

@article{Pandey2019ACF,
	title={A Crowdsourcing framework for on-device federated learning},
	author={Shashi Raj Pandey and Nguyen H. Tran and Mehdi Bennis and Yan Kyaw Tun and Aunas Manzoor and Choong Seon Hong},
	journal={IEEE Transactions on Wireless Communications},
	year={2019},
	volume={19},
	pages={3241--3256}
}

@article{zhang2021enabling,
	title={Enabling proxy-free privacy-preserving and federated crowdsourcing by using blockchain},
	author={Zhang, Chen and Guo, Yu and Jia, Xiaohua and Wang, Cong and Du, Hongwei},
	journal={IEEE Internet of Things Journal},
	volume={8},
	number={8},
	pages={6624--6636},
	year={2021},
	publisher={IEEE}
}

@article{zhan2021incentive,
	title={Incentive mechanism design for federated learning: Challenges and opportunities},
	author={Zhan, Yufeng and Li, Peng and Guo, Song and Qu, Zhihao},
	journal={IEEE Network},
	volume={35},
	number={4},
	pages={310--317},
	year={2021},
	publisher={IEEE}
}

@article{lyu2020threats,
	title={Threats to federated learning},
	author={Lyu, Lingjuan and Yu, Han and Zhao, Jun and Yang, Qiang},
	journal={Federated Learning: Privacy and Incentive},
	pages={3--16},
	year={2020},
	publisher={Springer}
}

@article{Song2020AnalyzingUP,
	title={Analyzing user-level privacy attack against federated learning},
	author={Mengkai Song and Zhibo Wang and Zhifei Zhang and Yang Song and Qian Wang and Ju Ren and Hairong Qi},
	journal={IEEE Journal on Selected Areas in Communications},
	year={2020},
	volume={38},
	pages={2430--2444}
}

@article{mothukuri2021survey,
	title={A survey on security and privacy of federated learning},
	author={Mothukuri, Viraaji and Parizi, Reza M and Pouriyeh, Seyedamin and Huang, Yan and Dehghantanha, Ali and Srivastava, Gautam},
	journal={Future Generation Computer Systems},
	volume={115},
	pages={619--640},
	year={2021},
	publisher={Elsevier}
}

@article{Liu2021FromDM,
	title={From distributed machine learning to federated learning: A survey},
	author={Ji Liu and Jizhou Huang and Yang Zhou and Xuhong Li and Shilei Ji and Haoyi Xiong and Dejing Dou},
	journal={Knowledge and Information Systems},
	year={2021},
	volume={64},
	pages={885--917}
}

@article{zhan2021survey,
	title={A survey of incentive mechanism design for federated learning},
	author={Zhan, Yufeng and Zhang, Jie and Hong, Zicong and Wu, Leijie and Li, Peng and Guo, Song},
	journal={IEEE Transactions on Emerging Topics in Computing},
	volume={10},
	number={2},
	pages={1035--1044},
	year={2021},
	publisher={IEEE}
}

@article{zhan2020learning,
	title={A learning-based incentive mechanism for federated learning},
	author={Zhan, Yufeng and Li, Peng and Qu, Zhihao and Zeng, Deze and Guo, Song},
	journal={IEEE Internet of Things Journal},
	volume={7},
	number={7},
	pages={6360--6368},
	year={2020},
	publisher={IEEE}
}

@article{li2017review,
	title={A review of dynamic Stackelberg game models},
	author={Li, Tao and Sethi, Suresh P},
	journal={Discrete \& Continuous Dynamical Systems-B},
	volume={22},
	number={1},
	pages={125--159},
	year={2017},
	publisher={American Institute of Mathematical Sciences}
}

@article{zhang2020decentralized,
	title={A decentralized location privacy-preserving spatial crowdsourcing for internet of vehicles},
	author={Zhang, Junwei and Yang, Fan and Ma, Zhuo and Wang, Zhuzhu and Liu, Ximeng and Ma, Jianfeng},
	journal={IEEE Transactions on Intelligent Transportation Systems},
	volume={22},
	number={4},
	pages={2299--2313},
	year={2020},
	publisher={IEEE}
}

@inproceedings{dwork2006differential,
	title={Differential privacy},
	author={Dwork, Cynthia},
	booktitle={Automata, Languages and Programming: 33rd International Colloquium, ICALP 2006, Venice, Italy, July 10-14, 2006, Proceedings, Part II 33},
	pages={1--12},
	year={2006},
	organization={Springer}
}

@article{bagdasaryan2019differential,
	title={Differential privacy has disparate impact on model accuracy},
	author={Bagdasaryan, Eugene and Poursaeed, Omid and Shmatikov, Vitaly},
	journal={Advances in neural information processing systems},
	volume={32},
	year={2019}
}

@article{xu2019blockchain,
	title={A blockchain-powered crowdsourcing method with privacy preservation in mobile environment},
	author={Xu, Xiaolong and Liu, Qingxiang and Zhang, Xuyun and Zhang, Jie and Qi, Lianyong and Dou, Wanchun},
	journal={IEEE Transactions on Computational Social Systems},
	volume={6},
	number={6},
	pages={1407--1419},
	year={2019},
	publisher={IEEE}
}

@article{shu2018privacy,
	title={Privacy-preserving task recommendation services for crowdsourcing},
	author={Shu, Jiangang and Jia, Xiaohua and Yang, Kan and Wang, Hua},
	journal={IEEE Transactions on Services Computing},
	volume={14},
	number={1},
	pages={235--247},
	year={2018},
	publisher={IEEE}
}

@article{joshi2020salt,
	title={SALT cryptography for privacy in mobile crowdsourcing},
	author={Joshi, Shailja and Saini, Hemraj and Rathee, Geetanjali},
	journal={International Journal of Information Technology},
	volume={12},
	pages={585--591},
	year={2020},
	publisher={Springer}
}

@article{zhang2019privacy,
	title={A privacy-preserving traffic monitoring scheme via vehicular crowdsourcing},
	author={Zhang, Chuan and Zhu, Liehuang and Xu, Chang and Du, Xiaojiang and Guizani, Mohsen},
	journal={Sensors},
	volume={19},
	number={6},
	pages={1274},
	year={2019},
	publisher={MDPI}
}

@inproceedings{wang2019towards,
	title={Towards privacy-preserving incentive for mobile crowdsensing under an untrusted platform},
	author={Wang, Zhibo and Li, Jingxin and Hu, Jiahui and Ren, Ju and Li, Zhetao and Li, Yanjun},
	booktitle={IEEE INFOCOM 2019-IEEE Conference on Computer Communications},
	pages={2053--2061},
	year={2019},
	organization={IEEE}
}
@article{lin2020secbcs,
	title={SecBCS: a secure and privacy-preserving blockchain-based crowdsourcing system},
	author={Lin, Chao and He, Debiao and Zeadally, Sherali and Kumar, Neeraj and Choo, Kim-Kwang Raymond},
	journal={Science China Information Sciences},
	volume={63},
	pages={1--14},
	year={2020},
	publisher={Springer}
}

@article{zhang2021toward,
	title={Toward crowdsourced transportation mode identification: A semisupervised federated learning approach},
	author={Zhang, Chenhan and Zhu, Yuanshao and Markos, Christos and Yu, Shui and James, JQ},
	journal={IEEE Internet of Things Journal},
	volume={9},
	number={14},
	pages={11868--11882},
	year={2021},
	publisher={IEEE}
}

@article{li2020crowdsf,
	title={CrowdSFL: A secure crowd computing framework based on blockchain and federated learning},
	author={Li, Ziyuan and Liu, Jian and Hao, Jialu and Wang, Huimei and Xian, Ming},
	journal={Electronics},
	volume={9},
	number={5},
	pages={773},
	year={2020},
	publisher={MDPI}
}

@article{zhan2020learn,
	title={A learning-based incentive mechanism for federated learning},
	author={Zhan, Yufeng and Li, Peng and Qu, Zhihao and Zeng, Deze and Guo, Song},
	journal={IEEE Internet of Things Journal},
	volume={7},
	number={7},
	pages={6360--6368},
	year={2020},
	publisher={IEEE}
}

@article{le2021incentive,
	title={An incentive mechanism for federated learning in wireless cellular networks: An auction approach},
	author={Le, Tra Huong Thi and Tran, Nguyen H and Tun, Yan Kyaw and Nguyen, Minh NH and Pandey, Shashi Raj and Han, Zhu and Hong, Choong Seon},
	journal={IEEE Transactions on Wireless Communications},
	volume={20},
	number={8},
	pages={4874--4887},
	year={2021},
	publisher={IEEE}
}

@inproceedings{zhang2021incentive,
	title={Incentive mechanism for horizontal federated learning based on reputation and reverse auction},
	author={Zhang, Jingwen and Wu, Yuezhou and Pan, Rong},
	booktitle={Proceedings of the Web Conference (WWW)},
	pages={947--956},
	year={2021}
}

@ARTICLE{9317806,
	author={Wu, Maoqiang and Ye, Dongdong and Ding, Jiahao and Guo, Yuanxiong and Yu, Rong and Pan, Miao},
	journal={IEEE Internet of Things Journal}, 
	title={Incentivizing differentially private federated learning: A multidimensional contract approach}, 
	year={2021},
	volume={8},
	number={13},
	pages={10639--10651},
}

@inproceedings{pandey2019incentivize,
	title={Incentivize to build: A crowdsourcing framework for federated learning},
	author={Pandey, Shashi Raj and Tran, Nguyen H and Bennis, Mehdi and Tun, Yan Kyaw and Han, Zhu and Hong, Choong Seon},
	booktitle={2019 IEEE Global Communications Conference (GLOBECOM)},
	pages={1--6},
	year={2019},
	organization={IEEE}
}

@article{kang2022incentive,
	title={Incentive-boosted Federated Crowdsourcing},
	author={Kang, Xiangping and Yu, Guoxian and Wang, Jun and Guo, Wei and Domeniconi, Carlotta and Zhang, Jinglin},
	journal={arXiv preprint arXiv:2211.14439},
	year={2022}
}

@article{pandey2020crowdsourcing,
	title={A crowdsourcing framework for on-device federated learning},
	author={Pandey, Shashi Raj and Tran, Nguyen H and Bennis, Mehdi and Tun, Yan Kyaw and Manzoor, Aunas and Hong, Choong Seon},
	journal={IEEE Transactions on Wireless Communications},
	volume={19},
	number={5},
	pages={3241--3256},
	year={2020},
	publisher={IEEE}
}

@article{konevcny2017semi,
	title={Semi-stochastic coordinate descent},
	author={Kone{\v{c}}n{\`y}, Jakub and Qu, Zheng and Richt{\'a}rik, Peter},
	journal={optimization Methods and Software},
	volume={32},
	number={5},
	pages={993--1005},
	year={2017},
	publisher={Taylor \& Francis}
}
