@article{ye2018crowdsourcing,
  title={A crowdsourcing framework for medical data sets},
  author={Ye, Cheng and Coco, Joseph and Epishova, Anna and Hajaj, Chen and Bogardus, Henry and Novak, Laurie and Denny, Joshua and Vorobeychik, Yevgeniy and Lasko, Thomas and Malin, Bradley and others},
  journal={AMIA Summits on Translational Science Proceedings},
  volume={2018},
  pages={273},
  year={2018},
  publisher={American Medical Informatics Association}
}
@inproceedings{sigurdsson2016hollywood,
	title={Hollywood in homes: Crowdsourcing data collection for activity understanding},
	author={Sigurdsson, Gunnar A and Varol, G{\"u}l and Wang, Xiaolong and Farhadi, Ali and Laptev, Ivan and Gupta, Abhinav},
	booktitle={Computer Vision--ECCV 2016: 14th European Conference, Amsterdam, The Netherlands, October 11--14, 2016, Proceedings, Part I 14},
	pages={510--526},
	year={2016},
	organization={Springer}
}
@article{amgad2022nucls,
	title={NuCLS: A scalable crowdsourcing approach and dataset for nucleus classification and segmentation in breast cancer},
	author={Amgad, Mohamed and Atteya, Lamees A and Hussein, Hagar and Mohammed, Kareem Hosny and Hafiz, Ehab and Elsebaie, Maha AT and Alhusseiny, Ahmed M and AlMoslemany, Mohamed Atef and Elmatboly, Abdelmagid M and Pappalardo, Philip A and others},
	journal={GigaScience},
	volume={11},
	year={2022},
	publisher={Oxford Academic}
}

@inproceedings{pournajaf2014spatial,
	title={Spatial task assignment for crowd sensing with cloaked locations},
	author={Pournajaf, Layla and Xiong, Li and Sunderam, Vaidy and Goryczka, Slawomir},
	booktitle={2014 IEEE 15th International Conference on Mobile Data Management},
	volume={1},
	pages={73--82},
	year={2014},
	organization={IEEE}
}
@article{ren2022towards,
	title={Towards Privacy-Preserving Spatial Distribution Crowdsensing: A Game Theoretic Approach},
	author={Ren, Yanbing and Li, Xinghua and Miao, Yinbin and Luo, Bin and Weng, Jian and Choo, Kim-Kwang Raymond and Deng, Robert H},
	journal={IEEE Transactions on Information Forensics and Security},
	volume={17},
	pages={804--818},
	year={2022},
	publisher={IEEE}
}
@inproceedings{wang2018geographic,
	title={Geographic differential privacy for mobile crowd coverage maximization},
	author={Wang, Leye and Qin, Gehua and Yang, Dingqi and Han, Xiao and Ma, Xiaojuan},
	booktitle={Proceedings of the AAAI Conference on Artificial Intelligence},
	volume={32},

	year={2018}
}
@article{wei2019differential,
	title={Differential privacy-based location protection in spatial crowdsourcing},
	author={Wei, Jianhao and Lin, Yaping and Yao, Xin and Zhang, Jin},
	journal={IEEE Transactions on Services Computing},
	volume={15},
	number={1},
	pages={45--58},
	year={2019},
	publisher={IEEE}
}
@article{wang2020federated,
	title={Federated crowdsensing: framework and challenges},
	author={Wang, Leye and Yu, Han and Han, Xiao},
	journal={arXiv preprint arXiv:2011.03208},
	year={2020}
}

@article{wan2020federated,
	title={Federated crowdsensing: framework and challenges},
	author={Wang, Leye and Yu, Han and Han, Xiao},
	journal={arXiv preprint arXiv:2011.03208},
	year={2020}
}
@article{gao2022survey,
	title={A Survey on Heterogeneous Federated Learning},
	author={Gao, Dashan and Yao, Xin and Yang, Qiang},
	journal={arXiv preprint arXiv:2210.04505},
	year={2022}
}
@article{yu2020active,
	title={Active multilabel crowd consensus},
	author={Yu, Guoxian and Tu, Jinzheng and Wang, Jun and Domeniconi, Carlotta and Zhang, Xiangliang},
	journal={IEEE Transactions on Neural Networks and Learning Systems},
	volume={32},
	number={4},
	pages={1448--1459},
	year={2020},
	publisher={IEEE}
}
@article{tu2020multi,
	title={Multi-label crowd consensus via joint matrix factorization},
	author={Tu, Jinzheng and Yu, Guoxian and Domeniconi, Carlotta and Wang, Jun and Xiao, Guoqiang and Guo, Maozu},
	journal={Knowledge and Information Systems},
	volume={62},
	pages={1341--1369},
	year={2020},
	publisher={Springer}
}
@article{wu2021multi,
	title={Multi-label active learning from crowds for secure IIoT},
	author={Wu, Ming and Li, Qianmu and Bilal, Muhammad and Xu, Xiaolong and Zhang, Jing and Hou, Jun},
	journal={Ad Hoc Networks},
	volume={121},
	pages={102594},
	year={2021},
	publisher={Elsevier}
}
@article{zhang2022active,
	title={Active Crowdsourcing for Multilabel Annotation},
	author={Zhang, Jing and Wu, Ming and Zhou, Cangqi and Sheng, Victor S},
	journal={IEEE Transactions on Neural Networks and Learning Systems},
	year={2022},
	publisher={IEEE}
}
@article{li2020crowdsfl,
	title={CrowdSFL: A secure crowd computing framework based on blockchain and federated learning},
	author={Li, Ziyuan and Liu, Jian and Hao, Jialu and Wang, Huimei and Xian, Ming},
	journal={Electronics},
	volume={9},
	number={5},
	pages={773},
	year={2020},
	publisher={MDPI}
}
@inproceedings{ciftler2020federated,
	title={Federated learning for RSS fingerprint-based localization: A privacy-preserving crowdsourcing method},
	author={Ciftler, Bekir Sait and Albaseer, Abdullatif and Lasla, Noureddine and Abdallah, Mohamed},
	booktitle={2020 International Wireless Communications and Mobile Computing (IWCMC)},
	pages={2112--2117},
	year={2020},
	organization={IEEE}
}

@article{suri2022subject,
	title={Subject membership inference attacks in federated learning},
	author={Suri, Anshuman and Kanani, Pallika and Marathe, Virendra J and Peterson, Daniel W},
	journal={arXiv preprint arXiv:2206.03317},
	year={2022}
}

@article{liu2022distributed,
	title={From distributed machine learning to federated learning: A survey},
	author={Liu, Ji and Huang, Jizhou and Zhou, Yang and Li, Xuhong and Ji, Shilei and Xiong, Haoyi and Dou, Dejing},
	journal={Knowledge and Information Systems},
	volume={64},
	number={4},
	pages={885--917},
	year={2022},
	publisher={Springer}
}

@article{li2023incentive,
	title={Incentive-Based Federated Learning for Digital Twin Driven Industrial Mobile Crowdsensing},
	author={Li, Beibei and Shi, Yaxin and Kong, Qinglei and Du, Qingyun and Lu, Rongxing},
	journal={IEEE Internet of Things Journal},
	year={2023},
	publisher={IEEE}
}

@article{wu2019bptm,
	title={BPTM: Blockchain-based privacy-preserving task matching in crowdsourcing},
	author={Wu, Yiming and Tang, Shaohua and Zhao, Bowen and Peng, Zhiniang},
	journal={IEEE access},
	volume={7},
	pages={45605--45617},
	year={2019},
	publisher={IEEE}
}


@article{zhao2021crowdsensing,
	title={When crowdsensing meets federated learning: Privacy-preserving mobile crowdsensing system},
	author={Zhao, Bowen and Liu, Ximeng and Chen, Wei-neng},
	journal={arXiv preprint arXiv:2102.10109},
	year={2021}
}






@article{zhao2023truthful,
	title={Truthful Incentive Mechanism for Federated Learning with Crowdsourced Data Labeling},
	author={Zhao, Yuxi and Gong, Xiaowen and Mao, Shiwen},
	journal={arXiv preprint arXiv:2302.00106},
	year={2023}
}
